3076 5114
447 403 525 451 THE
548 403 579 451 H
585 402 666 450 131er
686 402 811 451 ALTCS
833 402 1035 451 PROSATOR.

358 638 406 694 Dc
420 638 491 694 Fide
508 636 657 694 Cattholtiu
670 637 784 710 mflrtno
797 655 911 693 [arinen
925 637 1113 710 conrpositrtar.

301 769 429 825 :leterne
443 786 539 825 rerum
554 766 692 824 conditor
705 780 734 824 et
748 768 843 824 clarus
858 765 960 823 mundi
977 766 1126 833 formator,

300 849 375 906 deus
390 847 419 905 in
433 847 612 906 adiutorium
628 847 749 905 intende
764 860 795 904 tu
811 836 985 905 humilium:

301 929 391 987 corde
403 949 451 1002 rue
465 928 518 986 tibi
533 930 676 986 deuotum
693 927 798 986 festina
812 927 842 985 in
856 927 1005 985 auxilium.

303 1011 350 1068 Da
364 1009 472 1068 mentis
487 1011 546 1068 fida
560 1009 692 1085 regmina
705 1029 740 1066 ac
755 1008 836 1066 uerbi
852 1011 929 1066 clara
944 1028 1066 1066 munera

300 1092 339 1149 da
354 1090 431 1148 uotis
445 1090 543 1149 cordis
557 1089 670 1166 optima
684 1103 713 1148 et
728 1089 796 1147 facti
811 1090 891 1147 dona
905 1089 1030 1164 plurima
1043 1110 1049 1151 ;

301 1192 421 1230 sensum
435 1173 526 1230 corde
540 1171 729 1246 purissimum
745 1172 843 1228 famen
858 1191 909 1228 ore
923 1170 1080 1245 pacificum

304 1304 346 1362 Ut
360 1314 442 1360 tuam
457 1303 575 1360 laudem
590 1301 700 1360 famine
715 1301 744 1358 in
760 1301 860 1377 primis
876 1301 986 1376 possim
1002 1301 1109 1369 dicere,

302 1402 450 1460 magnam,
466 1382 569 1441 miram
585 1403 620 1441 ac
634 1385 813 1458 praeclaram,
829 1382 919 1458 digna
934 1402 1009 1440 uoce
1031 1380 1221 1440 iustissimsm

304 1484 447 1540 meaeque
462 1464 517 1522 sim
533 1463 666 1522 miseriae
680 1477 879 1538 compunctus
893 1483 1008 1521 memor
1022 1462 1151 1520 ultimae.

307 1548 389 1603 Deus
403 1548 482 1603 salus
496 1545 681 1603 credentium
696 1556 770 1602 deus
786 1544 846 1601 uita
861 1544 1025 1603 uiuentium

303 1628 377 1684 deus
391 1628 516 1684 deorum
531 1626 666 1684 omnium
681 1627 755 1683 deus
770 1640 798 1684 et
814 1625 950 1700 princeps
965 1625 1130 1700 principum

303 1709 378 1765 deus
393 1727 527 1765 summus
541 1707 676 1765 amabilis
691 1708 765 1765 deus
779 1706 1009 1764 inaestimabilis.

305 1840 391 1896 Altus
405 1852 540 1913 prosator
554 1851 688 1896 uetustus
702 1837 816 1896 dierum
832 1850 861 1895 et
877 1836 1025 1913 ingenitus

305 1939 370 1977 eras
383 1918 497 1990 absque
512 1918 625 1994 origine
639 1918 792 1994 primordii
807 1930 837 1976 et
851 1917 1002 1994 crepidine

307 2000 357 2074 qui
372 2019 405 2058 cs
419 1999 475 2058 eris
490 1999 519 2057 in
535 2001 652 2058 saecula
666 2001 850 2057 saeculorum
867 1998 981 2057 infinita

307 2080 364 2139 Cui
379 2095 423 2139 est
439 2080 608 2157 unigenitus
623 2080 758 2139 Christus
773 2082 870 2155 proies
884 2080 1052 2138 carissimus

306 2161 432 2220 <licentis
446 2163 484 2219 de
498 2163 589 2219 corde
605 2162 728 2220 uerbum
744 2176 840 2219 satum
854 2176 923 2219 ante
941 2160 1107 2219 Luciferum

306 2256 480 2301 coaeternus
495 2242 524 2299 in
539 2243 632 2318 gloria
646 2242 763 2301 deitatis
778 2256 919 2318 perpetua

307 2374 385 2432 Cum
400 2393 461 2448 quo
477 2373 563 2431 simul
578 2387 607 2431 et
623 2373 683 2431 filio
698 2373 728 2430 in
743 2373 924 2448 sempiterno
943 2376 1063 2432 saeculo

309 2455 427 2530 spiritus
442 2470 561 2512 sanctus
575 2454 707 2527 aequalis
722 2468 823 2531 regnat
838 2468 867 2513 et
883 2455 1064 2512 honorabilis

308 2535 337 2593 in
352 2537 458 2594 eadem
473 2536 637 2593 substantia
652 2537 727 2594 deus
741 2556 865 2593 manens
880 2555 931 2610 per
946 2538 1071 2593 saecula.

308 2636 368 2674 non
383 2630 441 2674 tres
456 2618 529 2674 deos
545 2637 600 2674 nec
615 2618 731 2692 profero
746 2618 798 2674 sed
815 2636 906 2673 unum
922 2618 1011 2674 deum
1029 2616 1167 2691 praedico

308 2699 389 2754 salua
404 2698 463 2755 fide
479 2698 507 2754 in
523 2697 657 2773 personis
672 2697 764 2755 tribus
778 2697 1021 2772 gloriosissimum

308 2798 458 2836 summum
474 2779 583 2836 iustum
600 2778 796 2836 rectissimum
811 2798 899 2853 super
913 2798 1018 2836 omnes
1033 2778 1229 2835 mitissimum.

296 2901 313 2934 ᾖ
517 2902 535 2933 8
739 2901 756 2934 ᾖ
961 2904 978 2937 t
1182 2899 1199 2932 ᾖ

310 3000 411 3057 Bonos
425 2998 535 3056 creauit
549 3001 672 3074 angelos
686 2998 806 3056 ordines
819 3012 849 3056 et
862 2999 1056 3074 archangelos

309 3079 490 3155 principatus
503 3094 532 3137 et
548 3079 670 3137 uirtutes
685 3081 808 3137 thronos
822 3079 1041 3137 dominationes

309 3173 471 3236 potestates
484 3174 513 3218 et
528 3160 670 3218 cherubin
685 3160 812 3236 gloriosa
826 3174 855 3218 et
870 3161 1006 3235 seraphin

310 3241 351 3299 uti
367 3262 427 3299 non
442 3255 519 3299 esset
536 3241 652 3299 bonitas
666 3243 762 3299 otiosa
775 3262 810 3298 ac
825 3243 962 3299 maiestas

309 3321 445 3379 trinitatis
460 3322 489 3379 in
504 3322 645 3380 omnibus
660 3322 799 3398 largitatis
814 3323 986 3380 muneribus

309 3405 361 3462 sed
376 3403 498 3461 haberet
512 3403 649 3461 caelestia
664 3404 773 3478 quibus
787 3405 838 3461 det
852 3403 1012 3479 priuilegia.

309 3527 368 3584 Sed
383 3527 456 3583 caeli
472 3525 552 3601 regni
567 3527 652 3600 apice
667 3525 801 3583 stationis
813 3525 965 3601 angelicae

309 3606 440 3664 claritate
454 3626 508 3681 pro
522 3606 643 3682 fulgoris
657 3618 812 3664 uenustate
827 3606 996 3681 speciminis

310 3687 509 3762 superbiendo
524 3701 620 3744 ruerat
636 3687 753 3744 Lucifer
767 3707 856 3762 quem
872 3689 1066 3762 plasmauerat

311 3772 513 3844 Apostateque
527 3769 624 3844 angeli
640 3769 747 3826 eodem
763 3770 845 3843 lapsu
868 3768 982 3843 lugubri

310 3862 447 3908 auctores
461 3851 644 3907 cenodoxiae
658 3849 820 3923 peruicacis
835 3849 964 3907 inuidiae

310 3929 433 3989 caeteris
448 3930 668 3988 remanentibus
683 3932 712 3986 in
728 3930 787 3987 suis
802 3930 1023 4005 principatibus

312 4055 410 4112 Draco
426 4073 551 4128 magnus
566 4052 731 4111 teterrimus
746 4052 880 4110 terribilis
895 4067 923 4110 et
938 4053 1077 4128 antiquus

310 4136 360 4210 qui
377 4133 430 4191 fuit
445 4154 565 4209 serpens
581 4133 710 4191 lubricus
725 4134 883 4208 sapientior
898 4134 1038 4191 omnibus

311 4214 412 4273 bestiis
426 4230 456 4272 et
469 4214 670 4272 animantibus
685 4230 777 4272 terrae
792 4215 991 4283 ferocioribus

312 4296 427 4354 tertiam
444 4308 555 4371 partem
571 4297 700 4353 siderum
717 4298 801 4353 traxit
816 4316 917 4353 secum
934 4295 963 4352 in
979 4296 1126 4353 baratrum

312 4380 445 4435 locorum
461 4378 646 4434 infernalium
662 4377 906 4452 diuersorumque
921 4396 1070 4434 carcerum

313 4459 431 4534 refugus
446 4457 506 4516 ueri
522 4457 641 4514 luminis
656 4457 1017 4533 parasituspraecipitans.
