3076 5114
478 404 554 452 THE
578 404 610 452 H
614 405 698 453 Vim
717 404 841 454 ALTUS
863 405 979 454 PROSA
986 406 1011 454 T
1008 406 1063 454 OR.

329 569 480 628 Stabimus
495 583 524 629 et
539 590 594 628 nos
608 570 709 647 pauidi
722 583 792 629 ante
808 571 935 630 tribunal
950 570 1065 630 domini

329 651 549 727 reddemusque
563 653 602 710 de
616 651 757 711 omnibus
771 654 915 711 rationem
929 652 1085 712 affectibus

330 744 430 790 nostra
444 732 580 791 uidentes
594 732 691 809 posita
703 746 773 792 ante
787 733 910 792 obtutus
924 734 1055 805 crimina,

329 812 480 889 librosque
494 815 695 873 conscientiae
708 815 872 890 patefactos
886 815 916 871 in
931 815 1025 873 facie:

331 894 361 950 in
376 892 522 971 singultus
536 914 727 971 erumpemus
740 907 770 954 et
786 895 855 954 fietu
870 896 935 954 diro
949 914 1104 972 gememus

329 974 480 1034 subtracta
495 978 659 1034 necessaria
673 977 816 1052 operandi
831 977 961 1035 materia.

329 1090 417 1148 Tunc
433 1091 536 1149 fideles
550 1110 619 1148 narn
634 1092 792 1150 caelestem
807 1090 888 1149 urbis
902 1110 1036 1149 summae
1057 1091 1245 1150 Hierusalem

329 1173 520 1229 sustollentur
533 1171 573 1231 ad
586 1173 711 1248 patriam
727 1171 891 1231 introibunt
904 1173 943 1230 ad
957 1173 1080 1248 gloriam

330 1250 381 1308 ubi
396 1252 487 1328 fulget
502 1271 572 1310 uera
585 1254 667 1329 pacis
682 1255 730 1311 lux
745 1253 881 1313 Christus
895 1255 938 1311 sol
954 1252 1104 1311 mirabilis.

329 1333 496 1393 Ymnorum
511 1334 700 1392 cantionibus
715 1335 820 1393 sedulo
834 1333 1029 1392 tinnientibus

329 1414 440 1471 sanctis
453 1413 684 1489 tripudiantibus
697 1416 870 1491 angelorum
884 1427 914 1473 et
929 1414 1059 1472 millibus

330 1493 360 1551 in
375 1506 497 1570 patema
511 1496 641 1554 claritate
656 1516 688 1554 se
701 1497 832 1572 gaudent
847 1496 998 1555 Christum
1014 1515 1141 1553 cernere.

330 1607 378 1665 Sic
393 1607 496 1685 uiginti
512 1609 648 1668 felicibus
662 1622 790 1685 quatuor
804 1609 970 1669 senioribus

329 1708 456 1748 coronas
470 1691 528 1747 iam
544 1690 729 1749 mittentibus
742 1691 810 1767 agni
825 1691 874 1749 dei
890 1690 946 1748 sub
960 1690 1087 1766 pedibus

332 1771 467 1828 laudatur
481 1771 574 1829 tribus
588 1770 703 1830 uicibus
718 1773 839 1841 trinitas,
855 1771 1053 1830 aeternalibus

331 1850 376 1908 bis
392 1851 468 1909 binis
482 1871 582 1911 coram
597 1853 743 1911 stantibus
756 1854 846 1911 unitis
858 1852 1037 1911 animalibus

331 1944 407 1990 terra
421 1934 508 1992 laude
523 1933 698 1992 sonantibus
713 1935 855 1992 ‘Sanctus
868 1934 994 1992 sabaoth
1008 1935 1149 1992 dominus
1161 1936 1167 1959 ’

330 2014 386 2071 hac
400 2015 493 2072 sancti
510 2027 631 2072 manent
644 2015 737 2091 gloria
750 2034 769 2072 a
783 2015 908 2074 saeculis
923 2015 952 2072 in
968 2016 1092 2073 saecula.

330 2137 417 2194 Zelus
432 2137 507 2213 ignis
521 2137 698 2196 furibundus
712 2150 869 2196 consumet
882 2138 1053 2196 aduerarios

331 2219 467 2277 nolentes
481 2219 632 2279 Christum
646 2220 766 2278 credere
780 2220 839 2277 deo
853 2238 871 2276 a
885 2231 967 2295 patre
982 2219 1100 2277 uenisse

330 2311 406 2357 retro
421 2312 510 2357 ruunt
524 2300 658 2376 perpetui
674 2301 703 2357 in
719 2301 794 2376 ignis
808 2301 943 2358 flammas
963 2299 1054 2375 impii.

331 2379 382 2437 ubi
398 2379 545 2439 habentur
559 2380 698 2439 tenebrae
713 2400 829 2440 uermes
843 2394 873 2440 et
888 2381 969 2439 dirae
984 2379 1096 2440 bestiae

332 2460 381 2518 ubi
398 2461 474 2538 ignis
489 2463 667 2537 sulphureus
681 2462 764 2520 ardet
780 2463 907 2520 flammis
921 2462 1064 2520 edacibus

329 2541 379 2599 ubi
396 2543 509 2618 rugitus
523 2542 680 2601 hominum
695 2543 780 2601 fletus
795 2555 824 2602 et
839 2543 946 2601 stridor
960 2543 1104 2601 dentium.

330 2654 393 2715 Ubi
406 2657 562 2731 gehennae
575 2658 703 2732 gemitus
717 2659 864 2716 tonitruus
878 2668 907 2716 et
922 2658 1058 2716 horridus

329 2735 380 2793 ubi
394 2737 482 2795 ardor
496 2738 692 2796 flammaticus
706 2738 768 2797 sitis
783 2737 927 2814 famisque
942 2739 1087 2796 maximus

329 2816 380 2874 ubi
395 2828 488 2876 tortor
502 2818 676 2877 durissimus
689 2831 777 2895 auget
791 2839 921 2894 poenam
935 2838 1004 2877 curn
1020 2820 1136 2877 laribus.

329 2899 441 2956 Sathan
454 2910 519 2957 atro
533 2918 602 2957 cum
615 2902 734 2976 agmine
748 2919 809 2975 quo
824 2911 941 2959 tenetur
955 2901 984 2957 in
1000 2919 1099 2958 carere

330 2979 468 3055 religatus
483 2980 513 3037 in
528 2982 650 3039 Tartara
665 2982 695 3038 in
709 2993 829 3040 aeterna
843 2981 982 3040 incendia

328 3058 495 3136 Cocytique
509 3061 719 3138 Charybdibus
733 3062 937 3138 submergetur
951 3063 980 3119 in
994 3061 1142 3138 gentibus.

316 3172 335 3207 1·
539 3176 556 3209 2
760 3176 778 3211 t
981 3175 999 3210 ᾖ
1203 3177 1221 3212 ᾖ

330 3273 480 3348 Nuncque
494 3292 566 3350 rogo
581 3285 612 3331 ut
628 3274 730 3332 iubeas
745 3286 773 3333 et
789 3273 818 3332 in
835 3293 882 3332 me
897 3275 954 3331 hoc
970 3274 1104 3349 perficias

329 3353 472 3428 quamdiu
488 3355 519 3412 in
533 3356 681 3431 ergastulo
695 3374 761 3413 sum
777 3356 894 3413 clausus
910 3354 1005 3412 camis
1020 3355 1124 3412 sedulo

328 3453 379 3492 ore
393 3436 484 3493 corde
498 3447 528 3494 et
542 3455 631 3511 opere
646 3448 675 3494 te
689 3455 794 3494 canam
810 3437 938 3504 laudem,
954 3434 1043 3510 kyrie,

331 3517 417 3573 Doxa
431 3516 484 3573 tibi
498 3517 657 3575 altithrone
671 3536 720 3575 rex
735 3518 884 3575 caelorum
900 3515 1083 3574 sanctissime

329 3597 380 3671 qui
396 3615 444 3655 me
458 3609 510 3655 tuo
526 3598 675 3656 iuuamine
690 3600 895 3656 consolaturus
909 3599 1021 3673 optime

167 3695 226 3751 300
329 3678 392 3735 laus
407 3689 436 3736 et
450 3679 547 3736 honor
560 3697 630 3736 cum
644 3679 736 3754 gloria
752 3680 781 3736 in
796 3679 980 3737 saeculorum
997 3679 1122 3736 saecula.

206 3807 273 3865 The
287 3808 405 3882 printed
420 3809 548 3867 editions
563 3810 598 3868 of
608 3810 658 3867 the
673 3811 763 3867 Altus
776 3829 826 3868 are
839 3828 872 3867 as
886 3810 998 3867 follows
1010 3830 1057 3865 :-

204 3888 319 3964 Colgan
334 3890 452 3965 printed
462 3890 483 3947 it
498 3891 573 3949 from
589 3891 613 3948 F
628 3891 656 3946 in
668 3891 713 3948 his
727 3892 757 3948 Τ
751 3892 815 3948 rias
826 3891 932 3967 (1647)
946 3910 974 3967 p.
986 3908 1044 3964 473
1056 3911 1064 3962 ;
1085 3889 1144 3946 this
1155 3908 1212 3946 was
1222 3889 1272 3947 the
1282 3889 1370 3946 cdifrir

157 3970 301 4044 princeps.

207 4049 274 4108 The
295 4062 363 4108 next
380 4052 494 4110 edition
515 4071 571 4109 was
586 4053 648 4110 that
663 4053 697 4109 of
713 4053 804 4111 Todd
819 4053 848 4109 in
866 4054 951 4125 1869,
967 4053 1034 4108 who
1047 4070 1120 4126 gare
1136 4052 1156 4107 it
1176 4051 1250 4108 from
1265 4052 1293 4108 T
1307 4051 1368 4109 and

166 4131 201 4200 Β,
216 4130 302 4207 using
317 4133 456 4207 Colgan’s
471 4144 530 4191 text
545 4134 640 4191 where
655 4134 738 4191 these
753 4134 949 4208 manuscripts
962 4152 1012 4191 are
1027 4132 1174 4190 deficient.

208 4212 244 4269 ln
268 4213 341 4285 1871
359 4213 572 4272 Reifferscheid
594 4215 712 4289 printed
731 4215 781 4272 the
796 4215 887 4290 hymn
903 4215 977 4271 from
999 4214 1032 4271 M
1048 4214 1078 4269 in
1094 4214 1139 4269 his
1161 4212 1324 4287 Catalogue
1339 4212 1373 4270 of

165 4293 217 4350 the
233 4292 319 4352 Mss,
335 4295 369 4352 of
379 4295 430 4352 the
445 4294 624 4353 Ambrosian
642 4293 782 4370 Library.¹
827 4297 876 4354 He
891 4314 948 4352 uas
963 4313 1098 4352 unaware
1113 4295 1176 4351 that
1192 4294 1212 4351 it
1228 4294 1286 4351 bad
1302 4312 1371 4351 ever

166 4372 243 4431 been
258 4373 417 4449 published
432 4374 542 4445 before,
556 4376 617 4434 and
632 4377 670 4434 he
684 4375 769 4434 knew
784 4377 908 4452 nothing
922 4377 956 4434 of
967 4376 1004 4432 its
1017 4376 1133 4434 author.

294 4477 301 4505 ¹
313 4479 514 4530 Sitzuugsr'urrchfe
523 4480 565 4519 der
576 4481 665 4521 ll'r'cucr
672 4481 748 4520 illaad.
759 4480 895 4531 (l’tilosaph.
904 4480 966 4520 llist.
977 4479 1074 4527 Istam),
1086 4479 1126 4519 rol.
1138 4476 1196 4518 lsvii.
1207 4492 1227 4528 p.
1240 4493 1283 4527 zu.
