3076 5114
452 398 528 446 THE
552 398 584 446 H
588 398 672 447 mm
690 398 770 447 ,ΜΤ
769 397 814 447 tls
837 397 953 447 PROSA
959 398 984 447 Τ
982 398 1037 447 OR.

304 563 454 623 Stabimus
469 575 498 623 et
513 584 568 623 nos
582 563 683 641 pauidi
697 576 766 622 ante
782 564 909 622 tribunal
924 562 1037 623 domini

304 645 523 722 reddemusque
537 647 576 704 de
590 645 731 704 omnibus
745 647 888 704 rationem
904 645 1060 704 affectibus

305 738 404 784 nostra
418 726 554 785 uidentes
568 726 664 803 posita
677 738 747 784 ante
762 726 884 785 obtutus
898 727 1029 797 crimina,

303 806 455 883 librosque
468 808 669 866 conscientiae
682 808 846 883 patefactos
860 808 890 864 in
906 808 980 865 facie
993 829 999 865 :

305 888 336 945 in
351 887 496 965 singultus
510 908 701 965 erumpemus
715 900 745 947 et
760 888 829 947 fletu
844 889 910 947 diro
923 907 1079 965 gememus

304 968 455 1027 subtracta
469 971 633 1029 necessaria
647 970 790 1046 operandi
805 970 936 1028 materia.

304 1084 392 1142 Tunc
408 1085 510 1143 fideles
525 1103 593 1142 nam
608 1086 766 1143 caelestem
781 1083 862 1142 urbis
877 1103 1011 1143 summae
1032 1083 1219 1141 Hierusalem

304 1166 495 1224 sustollentur
507 1165 547 1224 ad
563 1167 686 1242 patriam
702 1165 865 1223 introibunt
879 1165 918 1223 ad
932 1166 1055 1240 gloriam

305 1245 355 1303 ubi
371 1247 462 1322 fulget
476 1265 546 1304 uera
560 1248 642 1323 pacis
657 1248 705 1304 lux
720 1246 855 1305 Christus
870 1247 914 1304 sol
930 1244 1078 1303 mirabilis.

304 1328 471 1388 l'mnorum
486 1327 675 1386 cantionibus
690 1328 794 1386 sedulo
809 1326 1004 1385 tinnientibus

305 1408 414 1466 sanctis
428 1407 659 1484 tripudiantibus
671 1409 845 1484 angelorum
860 1418 889 1466 et
904 1406 1034 1465 millibus

305 1488 335 1546 in
350 1502 472 1565 patema
485 1490 616 1548 claritate
631 1510 662 1548 se
676 1490 807 1565 gaudent
823 1489 974 1548 Christum
988 1508 1116 1546 cernere.

305 1601 353 1660 Sic
368 1602 471 1679 uiginti
487 1603 623 1661 felicibus
637 1615 764 1679 quatuor
779 1602 945 1661 senioribus

305 1703 431 1742 coronas
445 1685 503 1741 iam
519 1684 704 1743 mittentibus
717 1684 786 1760 agni
801 1684 849 1742 dei
865 1683 921 1741 sub
936 1682 1062 1759 pedibus

307 1766 442 1822 laudatur
456 1766 549 1823 tribus
563 1764 678 1823 uicibus
693 1766 814 1834 trinitas
830 1765 1028 1823 aeternalibus

306 1845 352 1903 bis
367 1845 443 1904 binis
457 1865 557 1904 coram
572 1847 718 1905 stantibus
731 1847 821 1904 unitis
834 1845 1012 1904 animalibus

306 1940 382 1984 terra
396 1927 484 1986 laude
498 1927 673 1985 sonantibus
688 1928 830 1985 ‘Sanctus
845 1927 970 1985 sabaoth
984 1927 1124 1985 dominus
1136 1928 1143 1951 '

306 2007 361 2065 hac
376 2009 469 2066 saneti
485 2021 606 2067 manent
620 2009 712 2085 gloria
726 2028 744 2066 a
758 2008 883 2067 saeculis
898 2008 928 2065 in
943 2009 1067 2066 saecula.

306 2131 393 2189 Zelus
407 2132 482 2207 ignis
497 2131 674 2190 furibundus
688 2144 844 2189 consumet
858 2130 1029 2189 aduerarios

307 2212 442 2271 nolentes
456 2213 607 2273 Christum
622 2213 742 2270 credere
756 2214 815 2271 deo
829 2231 847 2269 a
861 2224 943 2287 patre
958 2211 1075 2269 uenisse

306 2304 382 2351 retro
397 2307 485 2352 ruunt
500 2295 632 2370 perpetui
649 2295 679 2351 in
695 2294 770 2369 ignis
784 2294 919 2350 flammas
939 2291 1030 2368 impii.

307 2373 358 2431 ubi
374 2373 521 2433 habentur
535 2374 674 2433 tenebrae
689 2394 805 2432 uermes
820 2388 848 2432 et
864 2374 945 2432 dirae
960 2372 1072 2432 bestiae

308 2455 358 2513 ubi
374 2456 450 2532 ignis
465 2457 643 2531 sulphureus
657 2457 740 2513 ardet
756 2456 883 2513 flammis
897 2454 1039 2513 edacibus

306 2535 355 2593 ubi
372 2537 484 2613 rugitus
499 2535 656 2595 hominum
671 2536 756 2595 fletus
770 2549 800 2595 et
815 2537 922 2594 stridor
935 2537 1080 2593 dentium.

307 2649 368 2709 Ubi
383 2651 538 2725 gehennae
551 2652 678 2726 gemitus
693 2653 840 2709 tonitruus
854 2662 883 2708 et
898 2650 1034 2708 horridus

306 2730 356 2788 ubi
370 2731 458 2789 ardor
473 2731 668 2790 flammaticus
682 2732 744 2790 sitis
758 2731 903 2807 famisque
918 2732 1063 2788 maximus

306 2810 357 2868 ubi
372 2823 464 2870 tortor
478 2812 652 2871 durissimus
665 2824 754 2889 auget
768 2831 897 2888 poenam
911 2830 980 2869 cunr
996 2811 1112 2868 laribus,

305 2893 417 2950 Sathan
430 2904 495 2951 atro
509 2912 578 2951 cum
592 2895 710 2969 agmine
724 2913 785 2969 quo
800 2905 917 2952 tenetur
931 2893 961 2949 in
976 2911 1075 2950 carere

306 2974 445 3049 religatus
460 2974 488 3031 in
504 2976 626 3033 Tartara
641 2976 671 3032 in
685 2987 805 3033 aeterna
820 2974 958 3032 incendia

305 3053 471 3131 Cocytique
486 3055 695 3132 Charybdibus
709 3057 913 3131 submergetur
928 3056 956 3112 in
971 3054 1118 3130 gentibus.

293 3168 312 3202 r
515 3169 533 3204 a
737 3171 755 3204 s
958 3168 976 3202 ι
1180 3169 1198 3203 ι

307 3268 456 3343 Nuncque
471 3287 543 3344 rogo
557 3281 589 3326 ut
605 3268 707 3326 iubeas
721 3278 750 3326 et
766 3266 794 3324 in
811 3286 858 3325 me
874 3268 931 3324 hoc
947 3267 1080 3341 perficias

306 3347 449 3423 quamdiu
465 3350 495 3406 in
510 3350 657 3424 ergastulo
672 3368 737 3406 sum
754 3350 871 3405 clausus
887 3347 982 3405 carnis
997 3348 1101 3405 sedulo

305 3448 356 3488 ore
370 3429 461 3488 corde
475 3440 504 3488 et
519 3448 608 3506 opere
623 3441 651 3488 te
666 3449 770 3487 canam
787 3430 915 3497 laudem,
931 3427 1019 3503 kyrie,

307 3511 393 3568 Doxa
407 3511 460 3569 tibi
475 3511 634 3569 altithrone
649 3531 697 3569 rex
712 3512 861 3568 caelorum
877 3508 1060 3567 sanctissime

306 3592 357 3666 qui
373 3611 421 3650 me
435 3604 487 3650 tuo
502 3593 652 3649 iuuamine
667 3593 871 3649 consolaturus
886 3592 998 3666 optime

145 3690 204 3746 300
305 3672 369 3730 laus
384 3684 413 3731 et
427 3674 524 3731 honor
537 3691 606 3731 curu
621 3674 713 3748 gloria
728 3674 757 3729 in
773 3673 957 3730 saeculorum
974 3672 1098 3729 saecula.

184 3802 251 3860 The
264 3803 382 3877 printed
397 3803 526 3861 editions
540 3804 574 3861 of
585 3804 635 3861 the
650 3805 740 3861 Altus
753 3823 803 3861 are
816 3821 849 3860 as
864 3803 975 3860 follows
987 3823 1034 3858 :-

182 3882 297 3958 Colgan
312 3884 429 3959 printed
439 3885 460 3941 it
475 3885 549 3943 from
567 3885 590 3941 F
605 3885 633 3940 in
645 3885 690 3942 his
704 3886 734 3942 Τ
729 3886 792 3942 rias
803 3885 910 3961 (¹⁶47)
924 3902 951 3959 p.
964 3900 1001 3954 47
1005 3901 1022 3956 3
1034 3904 1042 3954 ;
1063 3882 1121 3938 this
1132 3900 1189 3937 was
1199 3881 1249 3938 the
1259 3881 1347 3938 adelfo

135 3965 279 4039 princeps.

185 4045 252 4104 Τὴε
272 4056 340 4103 next
357 4046 471 4104 edition
491 4065 548 4103 was
564 4047 626 4103 that
641 4047 675 4103 of
690 4047 780 4105 Todd
796 4047 825 4102 in
844 4047 928 4118 1869,
945 4044 1011 4101 who
1025 4063 1097 4119 gare
1113 4044 1133 4099 it
1154 4043 1228 4100 from
1242 4044 1270 4100 T
1284 4042 1345 4099 and

144 4126 179 4195 Β,
195 4126 280 4202 using
294 4127 434 4203 Colgan's
448 4140 508 4185 text
522 4129 617 4185 where
632 4128 715 4185 these
731 4128 926 4201 manuscripts
940 4144 990 4183 are
1004 4124 1152 4183 deficient.

186 4207 221 4264 ln
246 4209 318 4280 1871
336 4207 550 4266 Reifferscheid
572 4208 688 4284 printed
709 4209 759 4265 the
774 4209 864 4283 hymn
880 4208 955 4264 from
977 4207 1009 4264 M
1026 4207 1056 4262 in
1071 4205 1116 4261 his
1139 4204 1302 4278 Catalogue
1316 4204 1351 4261 of

143 4288 195 4346 the
211 4287 296 4347 MSS.
312 4289 346 4347 of
357 4289 408 4347 the
423 4288 601 4347 Ambrosian
620 4287 759 4364 l,ibrary.¹
804 4290 854 4347 He
869 4307 926 4344 was
941 4306 1076 4344 unaware
1091 4287 1153 4342 that
1169 4287 1190 4342 it
1205 4285 1264 4342 had
1280 4304 1348 4342 ever

144 4367 221 4426 been
235 4368 394 4445 published
410 4369 520 4439 before,
534 4370 594 4428 and
610 4371 648 4428 he
662 4370 747 4428 knew
762 4370 886 4445 nothing
900 4369 934 4427 of
945 4369 982 4425 its
995 4368 1110 4425 author.

271 4473 278 4501 ¹
291 4474 491 4525 Sr'fzrrngsi'errcdfe
501 4474 543 4513 der
554 4475 571 4512 ll
576 4475 642 4515 'r'curr
650 4476 669 4513 .l
673 4475 725 4514 tad.
736 4473 872 4524 (l’hilosopk.
882 4472 944 4512 ΗΜ,
955 4471 1052 4519 ΙιἸαεπ),
1063 4470 1104 4511 rol.
1116 4468 1174 4509 lxvii.
1184 4483 1204 4518 p.
1218 4484 1260 4517 144.
